<record xmlns="http://www.loc.gov/MARC21/slim" xmlns:xsi="http://www.w3.org/2001/XMLSchema-instance" xsi:schemaLocation="http://www.loc.gov/MARC21/slim http://www.loc.gov/standards/marcxml/schema/MARC21slim.xsd"><leader>00037nz   2200037n  4500</leader><controlfield tag="001">DNB|102400059</controlfield><controlfield tag="003">DNB</controlfield><controlfield tag="005">20080405190906.0</controlfield><controlfield tag="008">930416n||aznnnabbn           | aaa    |c</controlfield><datafield ind1=" " ind2=" " tag="035"><subfield code="a">(DE-101)102400059</subfield></datafield><datafield ind1=" " ind2=" " tag="035"><subfield code="a">(DE-588a)102400059</subfield></datafield><datafield ind1=" " ind2=" " tag="040"><subfield code="a">DE-12</subfield><subfield code="b">ger</subfield><subfield code="c">DE-101</subfield><subfield code="e">rakwb</subfield><subfield code="d">9999</subfield></datafield><datafield ind1=" " ind2=" " tag="079"><subfield code="a">p</subfield><subfield code="q">f</subfield><subfield code="q">p</subfield><subfield code="t">12-PAN</subfield></datafield><datafield ind1="0" ind2=" " tag="100"><subfield code="a">Myrtilus</subfield><subfield code="c">Comicus</subfield><subfield code="d">5. Jh. v. Chr.</subfield></datafield><datafield ind1="0" ind2=" " tag="400"><subfield code="a">Myrtilos</subfield><subfield code="c">von Athen</subfield><subfield code="d">5. Jh. v. Chr.</subfield></datafield><datafield ind1="0" ind2=" " tag="400"><subfield code="a">Myrtilos</subfield><subfield code="c">Komödiendichter</subfield><subfield code="d">5. Jh. v. Chr.</subfield></datafield><datafield ind1="0" ind2=" " tag="400"><subfield code="a">Myrtilos</subfield><subfield code="c">Dichter der Alten Komödie</subfield><subfield code="d">5. Jh. v. Chr.</subfield></datafield><datafield ind1=" " ind2=" " tag="549"><subfield code="w">i</subfield><subfield code="i">Lebensdaten</subfield><subfield code="a">5. Jh. v. Chr.</subfield></datafield><datafield ind1=" " ind2=" " tag="996"><subfield code="2">PICA|156933721</subfield></datafield><datafield ind1=" " ind2=" " tag="996"><subfield code="2">LC|no 96065441</subfield></datafield><datafield ind1=" " ind2=" " tag="996"><subfield code="2">BNF|13092820</subfield></datafield><datafield ind1=" " ind2=" " tag="997"><subfield code="a">-400 0 flourished</subfield><subfield code="9">1</subfield></datafield></record>